@Misc{knk-info.2023,
	author = {Knk-Business-Software-AG},
	howpublished = {\url{https://knk.de/ueber/}},
	note = {Abgerufen am 12.08.2024}
}
@Misc{knk-kuendigtSaaS-an.2023,
	author = {Knk-Business-Software-AG},
	howpublished = {\url{https://knk.de/produkt-neuheit-knk-kuendigt-knkmedia-saas-an/}},
	note = {Abgerufen am 12.08.2024}
}
@incollection{Murugesan.2016,
 author = {Murugesan, San and Bojanova, Irena},
 title = {Cloud Computing},
 keywords = {Cloud},
 pages = {1--14},
 publisher = {Wiley},
 isbn = {9781118821978},
 editor = {Murugesan, San and Bojanova, Irena},
 booktitle = {Encyclopedia of Cloud Computing},
 year = {2016},
 doi = {10.1002/9781118821930.ch1},
 note = {Abgerufen am 12.08.2024}
}
@article{AlHayek.2020,
 author = {{Al Hayek}, Wiam Yahea and {Abu Odeh}, Rasha Ahmad},
 year = {2020},
 title = {Cloud ERP VS On-Premise ERP},
 volume = {10},
 number = {4},
 issn = {22210997},
 journal = {International Journal of Applied Science and Technology},
 doi = {10.30845/ijast.v10n4p7},
 file = {17e26a3c-10e9-4e0f-ac9e-7cd714e7bcbf:C\:\\Users\\Jannick.Gottschalk\\AppData\\Local\\Swiss Academic Software\\Citavi 6\\ProjectCache\\n0emp6z07yd50repz1m6xqq34lgt6y6r1ndmohi7zjrk4xu\\Citavi Attachments\\17e26a3c-10e9-4e0f-ac9e-7cd714e7bcbf.pdf:pdf}
}